<?xml version="1.0" encoding="UTF-8"?><collection xmlns="http://www.loc.gov/MARC21/slim"><record><leader>00592nam--2200229-u-4500</leader><controlfield tag="001">000051112</controlfield><controlfield tag="002">20161230</controlfield><controlfield tag="005">20170121213303</controlfield><controlfield tag="008">080520s1000------------r-----000-0-eng-d</controlfield><datafield ind1=" " ind2=" " tag="020"><subfield code="a">0-19-850450-0</subfield></datafield><datafield ind1=" " ind2=" " tag="040"><subfield code="a">IFIN-HH</subfield></datafield><datafield ind1=" " ind2=" " tag="080"><subfield code="a">517.586</subfield></datafield><datafield ind1="1" ind2=" " tag="100"><subfield code="a">Macdonald, I. G</subfield></datafield><datafield ind1="1" ind2=" " tag="245"><subfield code="a">Symmetric Functions and Hall Polynomials</subfield></datafield><datafield ind1=" " ind2=" " tag="250"><subfield code="a">Second Edition</subfield></datafield><datafield ind1=" " ind2=" " tag="260"><subfield code="a">Oxford</subfield><subfield code="b">Calderon Press</subfield><subfield code="c">1995</subfield></datafield><datafield ind1=" " ind2=" " tag="300"><subfield code="a">475 p</subfield></datafield><datafield ind1=" " ind2=" " tag="490"><subfield code="a">Oxford Mathematical Monographs</subfield></datafield><datafield ind1=" " ind2="4" tag="650"><subfield code="a">Abelian groups</subfield></datafield><datafield ind1=" " ind2=" " tag="650"><subfield code="a">Symetric functions</subfield></datafield><datafield ind1=" " ind2=" " tag="852"><subfield code="a">81471</subfield><subfield code="c">512</subfield></datafield><datafield ind1=" " ind2=" " tag="CAT"><subfield code="a">SYS</subfield><subfield code="c">20170121</subfield><subfield code="h">213303</subfield></datafield></record></collection>